<?xml version="1.0" encoding="UTF-8"?><collection xmlns="http://www.loc.gov/MARC21/slim"><record><leader>00434nam--2200133-i-4500</leader><controlfield tag="001">000004615</controlfield><controlfield tag="002">20161230</controlfield><controlfield tag="005">20161230201026</controlfield><controlfield tag="008">060222s1000------------r-----000-0-eng-d</controlfield><datafield ind1=" " ind2=" " tag="100"><subfield code="a">Barreira, F., Machado, J.M</subfield></datafield><datafield ind1=" " ind2=" " tag="245"><subfield code="a">Resultados da determinacao da radioactividade atmosferica natural</subfield></datafield><datafield ind1=" " ind2=" " tag="260"><subfield code="a">Lisboa, 1959 57-75 P. + Figuri</subfield></datafield><datafield ind1=" " ind2=" " tag="490"><subfield code="a">Separata Da Revista Da Faculdade De Ciencias De Lisboa, 2a Serie B, Vol.Vii</subfield></datafield><datafield ind1=" " ind2=" " tag="852"><subfield code="a">6129</subfield></datafield></record></collection>